<record xmlns="http://www.loc.gov/MARC21/slim">
  <leader>01790ccm a2200385Ia 4500</leader>
  <controlfield tag="001">u4634427</controlfield>
  <controlfield tag="003">SIRSI</controlfield>
  <controlfield tag="005">20071002110447.0</controlfield>
  <controlfield tag="008">070927q18571860mousga         n    eng d</controlfield>
  <datafield tag="028" ind1="2" ind2="2">
    <subfield code="a">1199=7</subfield>
    <subfield code="b">Balmer &amp; Weber</subfield>
  </datafield>
  <datafield tag="035" ind1=" " ind2=" ">
    <subfield code="a">(OCoLC)173395073</subfield>
  </datafield>
  <datafield tag="035" ind1=" " ind2=" ">
    <subfield code="a">(eam)m000000019</subfield>
  </datafield>
  <datafield tag="040" ind1=" " ind2=" ">
    <subfield code="a">VA@</subfield>
    <subfield code="c">VA@</subfield>
  </datafield>
  <datafield tag="045" ind1="0" ind2=" ">
    <subfield code="b">d1857</subfield>
  </datafield>
  <datafield tag="048" ind1=" " ind2=" ">
    <subfield code="a">vn01</subfield>
    <subfield code="a">tb01</subfield>
  </datafield>
  <datafield tag="100" ind1="1" ind2=" ">
    <subfield code="a">Balfe, M. W.</subfield>
    <subfield code="q">(Michael William),</subfield>
    <subfield code="d">1808-1870.</subfield>
  </datafield>
  <datafield tag="240" ind1="1" ind2="0">
    <subfield code="a">Come into the garden, Maud;</subfield>
    <subfield code="o">arr.</subfield>
  </datafield>
  <datafield tag="245" ind1="1" ind2="0">
    <subfield code="a">Come into the garden Maud :</subfield>
    <subfield code="b">cavatina, as sung by Henry Squires, Esq. /</subfield>
    <subfield code="c">poetry by Alfred Tennyson ; composed by M.W. Balfe ; piano - guitar.</subfield>
  </datafield>
  <datafield tag="246" ind1="1" ind2=" ">
    <subfield code="i">First line of text:</subfield>
    <subfield code="a">Come into the garden Maud</subfield>
  </datafield>
  <datafield tag="260" ind1=" " ind2=" ">
    <subfield code="a">St. Louis (56 Fourth Street, St. Louis) :</subfield>
    <subfield code="b">Balmer &amp; Weber ;</subfield>
    <subfield code="a">Cincinnati :</subfield>
    <subfield code="b">W.C. Peters &amp; Sons ;</subfield>
    <subfield code="a">Louisville :</subfield>
    <subfield code="b">O.P. Faulds &amp; Co. ;</subfield>
    <subfield code="a">New Orleans :</subfield>
    <subfield code="b">Ph. P. Werlein,</subfield>
    <subfield code="c">[between 1857 and 1860]</subfield>
  </datafield>
  <datafield tag="300" ind1=" " ind2=" ">
    <subfield code="a">1 score (6 p.)</subfield>
  </datafield>
  <datafield tag="490" ind1="0" ind2=" ">
    <subfield code="a">Salon and opera : a collection of admired ballads &amp; cavatinas by eminent authors</subfield>
  </datafield>
  <datafield tag="500" ind1=" " ind2=" ">
    <subfield code="a">For voice with acc. arr. for guitar.</subfield>
  </datafield>
  <datafield tag="500" ind1=" " ind2=" ">
    <subfield code="a">Caption title.</subfield>
  </datafield>
  <datafield tag="500" ind1=" " ind2=" ">
    <subfield code="a">Price: 3 1/2 cents.</subfield>
  </datafield>
  <datafield tag="600" ind1="1" ind2="0">
    <subfield code="a">Tennyson, Alfred Tennyson,</subfield>
    <subfield code="c">Baron,</subfield>
    <subfield code="d">1809-1892</subfield>
    <subfield code="v">Musical settings.</subfield>
  </datafield>
  <datafield tag="650" ind1=" " ind2="0">
    <subfield code="a">Songs with guitar, Arranged.</subfield>
  </datafield>
  <datafield tag="700" ind1="1" ind2=" ">
    <subfield code="a">Tennyson, Alfred Tennyson,</subfield>
    <subfield code="c">Baron,</subfield>
    <subfield code="d">1809-1892</subfield>
    <subfield code="e">lyricist.</subfield>
  </datafield>
  <datafield tag="700" ind1="1" ind2=" ">
    <subfield code="a">Squires, Henry,</subfield>
    <subfield code="e">performer.</subfield>
  </datafield>
  <datafield tag="946" ind1=" " ind2=" ">
    <subfield code="a">SPECIAL COLLECTIONS: In gray boxes on top shelves above books with Library of Congress call numbers.</subfield>
  </datafield>
  <datafield tag="994" ind1=" " ind2=" ">
    <subfield code="a">Z0</subfield>
    <subfield code="b">VA@</subfield>
  </datafield>
  <datafield tag="596" ind1=" " ind2=" ">
    <subfield code="a">10</subfield>
  </datafield>
  <datafield tag="999" ind1=" " ind2=" ">
    <subfield code="a">M1 .S445 v.105 no.18</subfield>
    <subfield code="w">ALPHANUM</subfield>
    <subfield code="c">1</subfield>
    <subfield code="i">4634427-1001</subfield>
    <subfield code="l">CHECK-LOC</subfield>
    <subfield code="m">SPEC-COLL</subfield>
    <subfield code="r">Y</subfield>
    <subfield code="s">Y</subfield>
    <subfield code="t">RAREBOOK</subfield>
    <subfield code="u">10/2/2007</subfield>
    <subfield code="x">CONV-ORIG</subfield>
  </datafield>
</record>
